@article{coltekin2017,
	title={Calculating Colour Distance on Choropleth Maps with Sequential Colours -- A Case Study with ColorBrewer 2.0},
	author={Brychtov{\'a}, Al{\v{z}}b{\v{e}}ta and {\c{C}}{\"o}tekin, Arzu},
	journal={KN-Journal of Cartography and Geographic Information},
	volume={67},
	number={2},
	pages={53--60},
	year={2017},
	publisher={Springer}
}
 
@article{coltekin2015,
	author = {Alzbeta Brychtova and Arzu Coltekin},
	title = {Discriminating classes of sequential and qualitative colour schemes},
	journal = {International Journal of Cartography},
	volume = {1},
	number = {1},
	pages = {62-78},
	year  = {2015},
	publisher = {Taylor & Francis}
}

@book{munsell1915,
	title={Munsell color system},
	author={Munsell, Albert Henry and Nickerson, Dorothy and others},
	year={1915},
	publisher={Wadsworth, Howland \& Company, Incorporated}
}

@misk{munsell2007,
	title={File:Munsell-system.svg},
	author={Jacob Rus},
	year={2007},
	url={https://commons.wikimedia.org/wiki/File:Munsell-system.svg}
}

@article{brychtova2015,
	title={Exploring the influence of colour distance and legend position on choropleth maps readability},
	author={Brychtov{\'a}, Al{\v{z}}b{\v{e}}ta},
	booktitle={Modern Trends in Cartography},
	pages={303--314},
	year={2015},
	publisher={Springer}
}

@article{brychtovaDole2015,
	title={Designing usable sequential color schemes for geovisualizations},
	author={Brychtova, Alzbeta and Dole{\v{z}}alov{\'a}, J},
	booktitle={Proceedings of the 1st ICA European Symposium on Cartography},
	pages={31--32},
	year={2015}
}

@article{schiewe2015,
	title={Preserving attribute value differences of neighboring regions in classified choropleth maps},
	author={Jochen Schiewe},
	booktitle={Proceedings of the 1st ICA European Symposium on Cartography},
	pages={35--36},
	year={2015}
}

@article{rahlf2020,
	title={Dokumentation zu Choroplethenkarten f{\"u}r Deutschland, 1882-2017},
	author={Rahlf, Thomas},
	journal={Historical Social Research, Transition (Online Supplement)},
	number={33v1},
	pages={82},
	year={2020},
	publisher={DEU}
}

@article{hruby2016,
	title={190 Jahre Choroplethenkartenâ€”Ein Zwischenres{\"u}mee},
	author={Hruby, Florian},
	journal={KN-Journal of Cartography and Geographic Information},
	volume={66},
	number={2},
	pages={58--65},
	year={2016},
	publisher={Springer}
}

@article{sharma2005,
	title={The CIEDE2000 color-difference formula: Implementation notes, supplementary test data, and mathematical observations},
	author={Sharma, Gaurav and Wu, Wencheng and Dalal, Edul N},
	journal={Color Research \& Application: Endorsed by Inter-Society Color Council, The Colour Group (Great Britain), Canadian Society for Color, Color Science Association of Japan, Dutch Society for the Study of Color, The Swedish Colour Centre Foundation, Colour Society of Australia, Centre Fran{\c{c}}ais de la Couleur},
	volume={30},
	number={1},
	pages={21--30},
	year={2005},
	publisher={Wiley Online Library}
} 

@article{brychtovaC2017,
	title={The effect of spatial distance on the discriminability of colors in maps},
	author={Brychtov{\'a}, Al{\v{z}}b{\v{e}}ta and {\c{C}}{\"o}ltekin, Arzu},
	journal={Cartography and Geographic Information Science},
	volume={44},
	number={3},
	pages={229--245},
	year={2017},
	publisher={Taylor \& Francis}
}

@article{brychtovaC2015,
	title={Discriminating classes of sequential and qualitative colour schemes},
	author={Brychtova, Alzbeta and Coltekin, Arzu},
	journal={International Journal of Cartography},
	volume={1},
	number={1},
	pages={62--78},
	year={2015},
	publisher={Taylor \& Francis}
}

@inproceedings{brychtovaV2014,
	title={Green versus red: Eye-tracking evaluation of sequential colour schemes},
	author={Brychtov{\'a}, Al{\v{z}}b{\v{e}}ta and Vondr{\'a}kov{\'a}, Alena},
	booktitle={14th International Multidisciplinary Scientific GeoConference SGEM 2014},
	pages={643--650},
	year={2014}
}

@inproceedings{chesneau2007,
	title={Improvement of colour contrasts in maps: application to risk maps},
	author={Chesneau, Elizabeth},
	booktitle={Proceedings of 10th AGILE international conference on geographic information science},
	pages={1--14},
	year={2007}
}

@article{steinrucken2013,
	title={Identification of optimal colours for maps from the web},
	author={Steinr{\"u}cken, J{\"o}rg and Pl{\"u}mer, Lutz},
	journal={The Cartographic Journal},
	volume={50},
	number={1},
	pages={19--32},
	year={2013},
	publisher={Taylor \& Francis}
}

@book{stigmar2010,
	title={Making 21st Century Maps Legible-Methods for Measuring and Improving the Legibility and Usability of Real-Time Maps},
	author={Stigmar, Hanna},
	year={2010},
	publisher={Lund University}
}